<record><leader>00000cas a22000001a 4500</leader><controlfield tag="001">32794218</controlfield><controlfield tag="007">hd afu---baca</controlfield><controlfield tag="007">hd bfu---baaa</controlfield><controlfield tag="008">950710d18591868nyuwr nea     0    0eng c</controlfield><datafield ind1=" " ind2=" " tag="010"><subfield code="a">sn 94093083 </subfield></datafield><datafield ind1=" " ind2=" " tag="040"><subfield code="a">NN</subfield><subfield code="b">eng</subfield><subfield code="c">RQM</subfield><subfield code="d">OCL</subfield><subfield code="d">OCLCQ</subfield><subfield code="d">OCLCF</subfield><subfield code="d">OCLCO</subfield><subfield code="d">OCLCQ</subfield></datafield><datafield ind1=" " ind2=" " tag="012"><subfield code="i">9507</subfield></datafield><datafield ind1=" " ind2=" " tag="042"><subfield code="a">pcc</subfield></datafield><datafield ind1=" " ind2=" " tag="043"><subfield code="a">n-us-ny</subfield></datafield><datafield ind1="0" ind2="0" tag="245"><subfield code="a">Wilkes' spirit of the times.</subfield></datafield><datafield ind1=" " ind2=" " tag="260"><subfield code="a">New York [N.Y.] :</subfield><subfield code="b">[publisher not identified],</subfield><subfield code="c">1859-1868.</subfield></datafield><datafield ind1=" " ind2=" " tag="300"><subfield code="a">18 volumes :</subfield><subfield code="b">illustrations ;</subfield><subfield code="c">41 cm</subfield></datafield><datafield ind1=" " ind2=" " tag="310"><subfield code="a">Weekly</subfield></datafield><datafield ind1=" " ind2=" " tag="336"><subfield code="a">text</subfield><subfield code="b">txt</subfield><subfield code="2">rdacontent</subfield></datafield><datafield ind1=" " ind2=" " tag="337"><subfield code="a">microform</subfield><subfield code="b">h</subfield><subfield code="2">rdamedia</subfield></datafield><datafield ind1=" " ind2=" " tag="338"><subfield code="a">microfilm reel</subfield><subfield code="b">hd</subfield><subfield code="2">rdacarrier</subfield></datafield><datafield ind1="0" ind2=" " tag="362"><subfield code="a">Vol. 1, no. 1 (Sept. 10, 1859)-v. 18, no. 19 (June 27, 1868).</subfield></datafield><datafield ind1=" " ind2=" " tag="500"><subfield code="a">"The American gentleman's newspaper."</subfield></datafield><datafield ind1=" " ind2=" " tag="500"><subfield code="a">"A chronicle of the turf, field sports, literature and the stage."</subfield></datafield><datafield ind1=" " ind2=" " tag="500"><subfield code="a">Editor: George Wilkes.</subfield></datafield><datafield ind1=" " ind2=" " tag="580"><subfield code="a">Appeared concurrently with: Spirit of the times (New York, N.Y. : 1837), Sept. 17, 1859-June 22, 1861; and with: Porter's spirit of the times, Sept. 17, 1859-&lt;Nov. 2, 1861&gt;.</subfield></datafield><datafield ind1=" " ind2=" " tag="533"><subfield code="a">Microfilm.</subfield><subfield code="m">Sept. 10,1859-June 27,1868.</subfield><subfield code="b">New York :</subfield><subfield code="c">New York Public Library,</subfield><subfield code="d">[19--].</subfield><subfield code="e">microfilm reels ; 35 mm.</subfield></datafield><datafield ind1=" " ind2="0" tag="651"><subfield code="a">New York (N.Y.)</subfield><subfield code="v">Newspapers.</subfield></datafield><datafield ind1=" " ind2="7" tag="651"><subfield code="a">New York (State)</subfield><subfield code="z">New York.</subfield><subfield code="2">fast</subfield><subfield code="0">(OCoLC)fst01204333</subfield></datafield><datafield ind1=" " ind2="7" tag="655"><subfield code="a">Newspapers.</subfield><subfield code="2">fast</subfield><subfield code="0">(OCoLC)fst01423814</subfield></datafield><datafield ind1=" " ind2=" " tag="752"><subfield code="a">United States</subfield><subfield code="b">New York</subfield><subfield code="c">New York</subfield><subfield code="d">New York.</subfield></datafield><datafield ind1="1" ind2=" " tag="776"><subfield code="c">Original</subfield><subfield code="w">(DLC)sn 83030745</subfield></datafield><datafield ind1="0" ind2="0" tag="785"><subfield code="t">Spirit of the times</subfield><subfield code="c">(New York, N.Y. : 1868)</subfield></datafield><datafield ind1="1" ind2=" " tag="787"><subfield code="t">Spirit of the times (New York, N.Y. : 1837)</subfield><subfield code="w">(DLC)sn 94092096</subfield></datafield><datafield ind1="1" ind2=" " tag="787"><subfield code="t">Porter's spirit of the times</subfield></datafield><datafield ind1=" " ind2=" " tag="850"><subfield code="a">NN</subfield><subfield code="a">NN (master)</subfield></datafield><datafield ind1="1" ind2=" " tag="029"><subfield code="a">AU@</subfield><subfield code="b">000011871437</subfield></datafield></record>